%YAML 1.1
%TAG !u! tag:unity3d.com,2011:
--- !u!1 &625765986
GameObject:
  m_ObjectHideFlags: 0
  m_CorrespondingSourceObject: {fileID: 0}
  m_PrefabInstance: {fileID: 0}
  m_PrefabAsset: {fileID: 0}
  serializedVersion: 6
  m_Component:
  - component: {fileID: 625765987}
  - component: {fileID: 625765988}
  - component: {fileID: 625765989}
  m_Layer: 15
  m_Name: MechDetect
  m_TagString: Untagged
  m_Icon: {fileID: 0}
  m_NavMeshLayer: 0
  m_StaticEditorFlags: 0
  m_IsActive: 1
--- !u!4 &625765987
Transform:
  m_ObjectHideFlags: 0
  m_CorrespondingSourceObject: {fileID: 0}
  m_PrefabInstance: {fileID: 0}
  m_PrefabAsset: {fileID: 0}
  m_GameObject: {fileID: 625765986}
  m_LocalRotation: {x: 0, y: 0, z: 0, w: 1}
  m_LocalPosition: {x: 0, y: 0, z: 0}
  m_LocalScale: {x: 1, y: 1, z: 1}
  m_Children: []
  m_Father: {fileID: 107263489135568206}
  m_RootOrder: 1
  m_LocalEulerAnglesHint: {x: 0, y: 0, z: 0}
--- !u!135 &625765988
SphereCollider:
  m_ObjectHideFlags: 0
  m_CorrespondingSourceObject: {fileID: 0}
  m_PrefabInstance: {fileID: 0}
  m_PrefabAsset: {fileID: 0}
  m_GameObject: {fileID: 625765986}
  m_Material: {fileID: 0}
  m_IsTrigger: 1
  m_Enabled: 1
  serializedVersion: 2
  m_Radius: 2
  m_Center: {x: 0, y: -1, z: 0}
--- !u!114 &625765989
MonoBehaviour:
  m_ObjectHideFlags: 0
  m_CorrespondingSourceObject: {fileID: 0}
  m_PrefabInstance: {fileID: 0}
  m_PrefabAsset: {fileID: 0}
  m_GameObject: {fileID: 625765986}
  m_Enabled: 1
  m_EditorHideFlags: 0
  m_Script: {fileID: 11500000, guid: ae95dce8fa4578c4c961b408971a9e8d, type: 3}
  m_Name: 
  m_EditorClassIdentifier: 
--- !u!1 &107263489135568194
GameObject:
  m_ObjectHideFlags: 0
  m_CorrespondingSourceObject: {fileID: 0}
  m_PrefabInstance: {fileID: 0}
  m_PrefabAsset: {fileID: 0}
  serializedVersion: 6
  m_Component:
  - component: {fileID: 107263489135568206}
  - component: {fileID: 107263489135568205}
  - component: {fileID: 526089920555903981}
  - component: {fileID: 107263489135568201}
  - component: {fileID: 107263489135568200}
  - component: {fileID: 107263489135568203}
  - component: {fileID: 1145489037660334315}
  - component: {fileID: -4098715140135840708}
  - component: {fileID: 2921459401085036196}
  - component: {fileID: 7854376171089597781}
  - component: {fileID: 3517701847275029215}
  m_Layer: 8
  m_Name: Player
  m_TagString: Untagged
  m_Icon: {fileID: 0}
  m_NavMeshLayer: 0
  m_StaticEditorFlags: 0
  m_IsActive: 1
--- !u!4 &107263489135568206
Transform:
  m_ObjectHideFlags: 0
  m_CorrespondingSourceObject: {fileID: 0}
  m_PrefabInstance: {fileID: 0}
  m_PrefabAsset: {fileID: 0}
  m_GameObject: {fileID: 107263489135568194}
  m_LocalRotation: {x: 0, y: 0, z: 0, w: 1}
  m_LocalPosition: {x: 400, y: 1.2, z: 300}
  m_LocalScale: {x: 1, y: 1, z: 1}
  m_Children:
  - {fileID: 1259727738504423568}
  - {fileID: 625765987}
  m_Father: {fileID: 0}
  m_RootOrder: 0
  m_LocalEulerAnglesHint: {x: 0, y: 0, z: 0}
--- !u!136 &107263489135568205
CapsuleCollider:
  m_ObjectHideFlags: 0
  m_CorrespondingSourceObject: {fileID: 0}
  m_PrefabInstance: {fileID: 0}
  m_PrefabAsset: {fileID: 0}
  m_GameObject: {fileID: 107263489135568194}
  m_Material: {fileID: 0}
  m_IsTrigger: 0
  m_Enabled: 1
  m_Radius: 0.5
  m_Height: 2
  m_Direction: 1
  m_Center: {x: 0, y: 0, z: 0}
--- !u!54 &526089920555903981
Rigidbody:
  m_ObjectHideFlags: 0
  m_CorrespondingSourceObject: {fileID: 0}
  m_PrefabInstance: {fileID: 0}
  m_PrefabAsset: {fileID: 0}
  m_GameObject: {fileID: 107263489135568194}
  serializedVersion: 2
  m_Mass: 1000
  m_Drag: 10
  m_AngularDrag: 10
  m_UseGravity: 0
  m_IsKinematic: 0
  m_Interpolate: 0
  m_Constraints: 0
  m_CollisionDetection: 0
--- !u!195 &107263489135568201
NavMeshAgent:
  m_ObjectHideFlags: 0
  m_CorrespondingSourceObject: {fileID: 0}
  m_PrefabInstance: {fileID: 0}
  m_PrefabAsset: {fileID: 0}
  m_GameObject: {fileID: 107263489135568194}
  m_Enabled: 1
  m_AgentTypeID: 0
  m_Radius: 0.5
  m_Speed: 3.5
  m_Acceleration: 8
  avoidancePriority: 50
  m_AngularSpeed: 120
  m_StoppingDistance: 0
  m_AutoTraverseOffMeshLink: 1
  m_AutoBraking: 1
  m_AutoRepath: 1
  m_Height: 2
  m_BaseOffset: 1
  m_WalkableMask: 4294967295
  m_ObstacleAvoidanceType: 4
--- !u!114 &107263489135568200
MonoBehaviour:
  m_ObjectHideFlags: 0
  m_CorrespondingSourceObject: {fileID: 0}
  m_PrefabInstance: {fileID: 0}
  m_PrefabAsset: {fileID: 0}
  m_GameObject: {fileID: 107263489135568194}
  m_Enabled: 1
  m_EditorHideFlags: 0
  m_Script: {fileID: 11500000, guid: d8e1983ff4403c44894f4f6a04f2a17d, type: 3}
  m_Name: 
  m_EditorClassIdentifier: 
  _playCamera: {fileID: 0}
  _mainGun: {fileID: 11400000, guid: 26cc7d14f32ee3944a2488f49920e75b, type: 2}
  _altGun: {fileID: 11400000, guid: c9844d8e336d8de43aea2a95f58c7ce4, type: 2}
  Speed: 50
  IFrameTimeout: 2
  _maxHealth: 10
  _maxShield: 3
  _playerAnimator: {fileID: 9219273562187597290}
  _mechDetector: {fileID: 625765989}
  _playerInput: {fileID: 107263489135568203}
  _collider: {fileID: 107263489135568205}
  _model: {fileID: 2819300013314005635}
  _agent: {fileID: 0}
  FootStepSound: {fileID: 8300000, guid: f703271c20affe244a00477780733e94, type: 3}
--- !u!114 &107263489135568203
MonoBehaviour:
  m_ObjectHideFlags: 0
  m_CorrespondingSourceObject: {fileID: 0}
  m_PrefabInstance: {fileID: 0}
  m_PrefabAsset: {fileID: 0}
  m_GameObject: {fileID: 107263489135568194}
  m_Enabled: 1
  m_EditorHideFlags: 0
  m_Script: {fileID: 11500000, guid: 62899f850307741f2a39c98a8b639597, type: 3}
  m_Name: 
  m_EditorClassIdentifier: 
  m_Actions: {fileID: -944628639613478452, guid: e69e496df61f4494499bea9e434b25fe,
    type: 3}
  m_NotificationBehavior: 2
  m_UIInputModule: {fileID: 0}
  m_DeviceLostEvent:
    m_PersistentCalls:
      m_Calls: []
  m_DeviceRegainedEvent:
    m_PersistentCalls:
      m_Calls: []
  m_ControlsChangedEvent:
    m_PersistentCalls:
      m_Calls: []
  m_ActionEvents:
  - m_PersistentCalls:
      m_Calls:
      - m_Target: {fileID: 107263489135568200}
        m_MethodName: HandleMove
        m_Mode: 0
        m_Arguments:
          m_ObjectArgument: {fileID: 0}
          m_ObjectArgumentAssemblyTypeName: UnityEngine.Object, UnityEngine
          m_IntArgument: 0
          m_FloatArgument: 0
          m_StringArgument: 
          m_BoolArgument: 0
        m_CallState: 2
    m_ActionId: 06dc095e-3cd5-490f-961f-8e1447d6f69c
    m_ActionName: PlayerPlaymap/Move[/Keyboard/w,/Keyboard/s,/Keyboard/a,/Keyboard/d,/XInputControllerWindows/leftStick/up,/XInputControllerWindows/leftStick/down,/XInputControllerWindows/leftStick/left,/XInputControllerWindows/leftStick/right]
  - m_PersistentCalls:
      m_Calls:
      - m_Target: {fileID: 107263489135568200}
        m_MethodName: Fire_Pressed
        m_Mode: 0
        m_Arguments:
          m_ObjectArgument: {fileID: 0}
          m_ObjectArgumentAssemblyTypeName: UnityEngine.Object, UnityEngine
          m_IntArgument: 0
          m_FloatArgument: 0
          m_StringArgument: 
          m_BoolArgument: 0
        m_CallState: 2
    m_ActionId: fdbd9e69-083f-4f1a-9a69-bae6dc1359ab
    m_ActionName: PlayerPlaymap/FireStart[/Mouse/leftButton]
  - m_PersistentCalls:
      m_Calls:
      - m_Target: {fileID: 107263489135568200}
        m_MethodName: AltFire_Pressed
        m_Mode: 0
        m_Arguments:
          m_ObjectArgument: {fileID: 0}
          m_ObjectArgumentAssemblyTypeName: UnityEngine.Object, UnityEngine
          m_IntArgument: 0
          m_FloatArgument: 0
          m_StringArgument: 
          m_BoolArgument: 0
        m_CallState: 2
    m_ActionId: ff430ac1-6436-4403-ab5a-25924e5a4002
    m_ActionName: PlayerPlaymap/AltFireStart[/Mouse/rightButton]
  - m_PersistentCalls:
      m_Calls:
      - m_Target: {fileID: 107263489135568200}
        m_MethodName: Fire_Released
        m_Mode: 0
        m_Arguments:
          m_ObjectArgument: {fileID: 0}
          m_ObjectArgumentAssemblyTypeName: UnityEngine.Object, UnityEngine
          m_IntArgument: 0
          m_FloatArgument: 0
          m_StringArgument: 
          m_BoolArgument: 0
        m_CallState: 2
    m_ActionId: 5cbc2f1d-8ab4-450f-aa52-e4528ac6ba7b
    m_ActionName: PlayerPlaymap/FireEnd[/Mouse/leftButton]
  - m_PersistentCalls:
      m_Calls:
      - m_Target: {fileID: 107263489135568200}
        m_MethodName: AltFire_Released
        m_Mode: 0
        m_Arguments:
          m_ObjectArgument: {fileID: 0}
          m_ObjectArgumentAssemblyTypeName: UnityEngine.Object, UnityEngine
          m_IntArgument: 0
          m_FloatArgument: 0
          m_StringArgument: 
          m_BoolArgument: 0
        m_CallState: 2
    m_ActionId: d8591962-b28d-4e28-aaa1-afc1c50fc384
    m_ActionName: PlayerPlaymap/AltFireEnd[/Mouse/rightButton]
  - m_PersistentCalls:
      m_Calls:
      - m_Target: {fileID: 107263489135568200}
        m_MethodName: BoardMech_Performed
        m_Mode: 0
        m_Arguments:
          m_ObjectArgument: {fileID: 0}
          m_ObjectArgumentAssemblyTypeName: UnityEngine.Object, UnityEngine
          m_IntArgument: 0
          m_FloatArgument: 0
          m_StringArgument: 
          m_BoolArgument: 0
        m_CallState: 2
    m_ActionId: a88e8064-acb9-4a20-a622-7816320a6f79
    m_ActionName: PlayerPlaymap/BoardMech[/Mouse/middleButton]
  - m_PersistentCalls:
      m_Calls:
      - m_Target: {fileID: 107263489135568200}
        m_MethodName: HandleMouseAim
        m_Mode: 0
        m_Arguments:
          m_ObjectArgument: {fileID: 0}
          m_ObjectArgumentAssemblyTypeName: UnityEngine.Object, UnityEngine
          m_IntArgument: 0
          m_FloatArgument: 0
          m_StringArgument: 
          m_BoolArgument: 0
        m_CallState: 2
    m_ActionId: 776c113f-31eb-4e00-9482-a7c917a22262
    m_ActionName: PlayerControls/MousePosition[/Mouse/position]
  - m_PersistentCalls:
      m_Calls:
      - m_Target: {fileID: 107263489135568200}
        m_MethodName: HandleStickAim
        m_Mode: 0
        m_Arguments:
          m_ObjectArgument: {fileID: 0}
          m_ObjectArgumentAssemblyTypeName: UnityEngine.Object, UnityEngine
          m_IntArgument: 0
          m_FloatArgument: 0
          m_StringArgument: 
          m_BoolArgument: 0
        m_CallState: 2
    m_ActionId: 07f8de2e-5e1c-480f-8aee-401377985be2
    m_ActionName: PlayerControls/StickAim[/XInputControllerWindows/rightStick]
  - m_PersistentCalls:
      m_Calls: []
    m_ActionId: 5b965dc4-be14-4ef7-988d-8fd3c8d6b54f
    m_ActionName: MechControls/Move[/Keyboard/w,/Keyboard/s,/Keyboard/a,/Keyboard/d,/XInputControllerWindows/leftStick]
  - m_PersistentCalls:
      m_Calls: []
    m_ActionId: 0964cd2c-797e-4364-bc88-993ba1146ba4
    m_ActionName: MechControls/FireStart[/Mouse/leftButton,/XInputControllerWindows/rightTrigger]
  - m_PersistentCalls:
      m_Calls: []
    m_ActionId: 9e0673f8-96cf-4a4f-aa1d-3e727af4e5f3
    m_ActionName: MechControls/AltFireStart[/Mouse/rightButton,/XInputControllerWindows/leftTrigger]
  - m_PersistentCalls:
      m_Calls: []
    m_ActionId: 8ca7ff20-dfa8-455e-8751-e40b1db4ade9
    m_ActionName: MechControls/FireEnd[/Mouse/leftButton,/XInputControllerWindows/rightTrigger]
  - m_PersistentCalls:
      m_Calls: []
    m_ActionId: c87773eb-7382-40df-8831-8a9f1a7f4cc7
    m_ActionName: MechControls/AltFireEnd[/Mouse/rightButton,/XInputControllerWindows/leftTrigger]
  - m_PersistentCalls:
      m_Calls: []
    m_ActionId: 9abf3f08-b608-474e-b526-70b8b9f88f76
    m_ActionName: MechControls/BailOut[/Mouse/middleButton,/XInputControllerWindows/leftTrigger,/Keyboard/space]
  - m_PersistentCalls:
      m_Calls: []
    m_ActionId: 042e2f02-bb6c-4f1c-9d24-b9141ce5d61c
    m_ActionName: MechControls/MousePosition[/Mouse/position]
  - m_PersistentCalls:
      m_Calls: []
    m_ActionId: 27877630-9163-4251-a7c5-f5c35d6301d9
    m_ActionName: MechControls/StickAim[/XInputControllerWindows/rightStick]
  m_NeverAutoSwitchControlSchemes: 0
  m_DefaultControlScheme: 
  m_DefaultActionMap: PlayerControls
  m_SplitScreenIndex: -1
  m_Camera: {fileID: 0}
--- !u!114 &1145489037660334315
MonoBehaviour:
  m_ObjectHideFlags: 0
  m_CorrespondingSourceObject: {fileID: 0}
  m_PrefabInstance: {fileID: 0}
  m_PrefabAsset: {fileID: 0}
  m_GameObject: {fileID: 107263489135568194}
  m_Enabled: 1
  m_EditorHideFlags: 0
  m_Script: {fileID: 11500000, guid: 26f7a29f4e5567c4ba679b196fb53b05, type: 3}
  m_Name: 
  m_EditorClassIdentifier: 
  _blinkable: {fileID: 107263489135568200}
  _targetRenderables:
  - {fileID: 2594617873503000237}
  - {fileID: 5606446225516245780}
  _periodModifier: 20
--- !u!82 &-4098715140135840708
AudioSource:
  m_ObjectHideFlags: 0
  m_CorrespondingSourceObject: {fileID: 0}
  m_PrefabInstance: {fileID: 0}
  m_PrefabAsset: {fileID: 0}
  m_GameObject: {fileID: 107263489135568194}
  m_Enabled: 1
  serializedVersion: 4
  OutputAudioMixerGroup: {fileID: 4718663508135072579, guid: bfa6eae476eabf04b87c90aa999f45e9,
    type: 2}
  m_audioClip: {fileID: 0}
  m_PlayOnAwake: 1
  m_Volume: 1
  m_Pitch: 1
  Loop: 0
  Mute: 0
  Spatialize: 0
  SpatializePostEffects: 0
  Priority: 128
  DopplerLevel: 1
  MinDistance: 1
  MaxDistance: 500
  Pan2D: 0
  rolloffMode: 0
  BypassEffects: 0
  BypassListenerEffects: 0
  BypassReverbZones: 0
  rolloffCustomCurve:
    serializedVersion: 2
    m_Curve:
    - serializedVersion: 3
      time: 0
      value: 1
      inSlope: 0
      outSlope: 0
      tangentMode: 0
      weightedMode: 0
      inWeight: 0.33333334
      outWeight: 0.33333334
    - serializedVersion: 3
      time: 1
      value: 0
      inSlope: 0
      outSlope: 0
      tangentMode: 0
      weightedMode: 0
      inWeight: 0.33333334
      outWeight: 0.33333334
    m_PreInfinity: 2
    m_PostInfinity: 2
    m_RotationOrder: 4
  panLevelCustomCurve:
    serializedVersion: 2
    m_Curve:
    - serializedVersion: 3
      time: 0
      value: 0
      inSlope: 0
      outSlope: 0
      tangentMode: 0
      weightedMode: 0
      inWeight: 0.33333334
      outWeight: 0.33333334
    m_PreInfinity: 2
    m_PostInfinity: 2
    m_RotationOrder: 4
  spreadCustomCurve:
    serializedVersion: 2
    m_Curve:
    - serializedVersion: 3
      time: 0
      value: 0
      inSlope: 0
      outSlope: 0
      tangentMode: 0
      weightedMode: 0
      inWeight: 0.33333334
      outWeight: 0.33333334
    m_PreInfinity: 2
    m_PostInfinity: 2
    m_RotationOrder: 4
  reverbZoneMixCustomCurve:
    serializedVersion: 2
    m_Curve:
    - serializedVersion: 3
      time: 0
      value: 1
      inSlope: 0
      outSlope: 0
      tangentMode: 0
      weightedMode: 0
      inWeight: 0.33333334
      outWeight: 0.33333334
    m_PreInfinity: 2
    m_PostInfinity: 2
    m_RotationOrder: 4
--- !u!82 &2921459401085036196
AudioSource:
  m_ObjectHideFlags: 0
  m_CorrespondingSourceObject: {fileID: 0}
  m_PrefabInstance: {fileID: 0}
  m_PrefabAsset: {fileID: 0}
  m_GameObject: {fileID: 107263489135568194}
  m_Enabled: 1
  serializedVersion: 4
  OutputAudioMixerGroup: {fileID: 4718663508135072579, guid: bfa6eae476eabf04b87c90aa999f45e9,
    type: 2}
  m_audioClip: {fileID: 0}
  m_PlayOnAwake: 0
  m_Volume: 1
  m_Pitch: 1
  Loop: 0
  Mute: 0
  Spatialize: 0
  SpatializePostEffects: 0
  Priority: 128
  DopplerLevel: 1
  MinDistance: 1
  MaxDistance: 500
  Pan2D: 0
  rolloffMode: 0
  BypassEffects: 0
  BypassListenerEffects: 0
  BypassReverbZones: 0
  rolloffCustomCurve:
    serializedVersion: 2
    m_Curve:
    - serializedVersion: 3
      time: 0
      value: 1
      inSlope: 0
      outSlope: 0
      tangentMode: 0
      weightedMode: 0
      inWeight: 0.33333334
      outWeight: 0.33333334
    - serializedVersion: 3
      time: 1
      value: 0
      inSlope: 0
      outSlope: 0
      tangentMode: 0
      weightedMode: 0
      inWeight: 0.33333334
      outWeight: 0.33333334
    m_PreInfinity: 2
    m_PostInfinity: 2
    m_RotationOrder: 4
  panLevelCustomCurve:
    serializedVersion: 2
    m_Curve:
    - serializedVersion: 3
      time: 0
      value: 0
      inSlope: 0
      outSlope: 0
      tangentMode: 0
      weightedMode: 0
      inWeight: 0.33333334
      outWeight: 0.33333334
    m_PreInfinity: 2
    m_PostInfinity: 2
    m_RotationOrder: 4
  spreadCustomCurve:
    serializedVersion: 2
    m_Curve:
    - serializedVersion: 3
      time: 0
      value: 0
      inSlope: 0
      outSlope: 0
      tangentMode: 0
      weightedMode: 0
      inWeight: 0.33333334
      outWeight: 0.33333334
    m_PreInfinity: 2
    m_PostInfinity: 2
    m_RotationOrder: 4
  reverbZoneMixCustomCurve:
    serializedVersion: 2
    m_Curve:
    - serializedVersion: 3
      time: 0
      value: 1
      inSlope: 0
      outSlope: 0
      tangentMode: 0
      weightedMode: 0
      inWeight: 0.33333334
      outWeight: 0.33333334
    m_PreInfinity: 2
    m_PostInfinity: 2
    m_RotationOrder: 4
--- !u!82 &7854376171089597781
AudioSource:
  m_ObjectHideFlags: 0
  m_CorrespondingSourceObject: {fileID: 0}
  m_PrefabInstance: {fileID: 0}
  m_PrefabAsset: {fileID: 0}
  m_GameObject: {fileID: 107263489135568194}
  m_Enabled: 1
  serializedVersion: 4
  OutputAudioMixerGroup: {fileID: 4718663508135072579, guid: bfa6eae476eabf04b87c90aa999f45e9,
    type: 2}
  m_audioClip: {fileID: 0}
  m_PlayOnAwake: 0
  m_Volume: 1
  m_Pitch: 1
  Loop: 0
  Mute: 0
  Spatialize: 0
  SpatializePostEffects: 0
  Priority: 128
  DopplerLevel: 1
  MinDistance: 1
  MaxDistance: 500
  Pan2D: 0
  rolloffMode: 0
  BypassEffects: 0
  BypassListenerEffects: 0
  BypassReverbZones: 0
  rolloffCustomCurve:
    serializedVersion: 2
    m_Curve:
    - serializedVersion: 3
      time: 0
      value: 1
      inSlope: 0
      outSlope: 0
      tangentMode: 0
      weightedMode: 0
      inWeight: 0.33333334
      outWeight: 0.33333334
    - serializedVersion: 3
      time: 1
      value: 0
      inSlope: 0
      outSlope: 0
      tangentMode: 0
      weightedMode: 0
      inWeight: 0.33333334
      outWeight: 0.33333334
    m_PreInfinity: 2
    m_PostInfinity: 2
    m_RotationOrder: 4
  panLevelCustomCurve:
    serializedVersion: 2
    m_Curve:
    - serializedVersion: 3
      time: 0
      value: 0
      inSlope: 0
      outSlope: 0
      tangentMode: 0
      weightedMode: 0
      inWeight: 0.33333334
      outWeight: 0.33333334
    m_PreInfinity: 2
    m_PostInfinity: 2
    m_RotationOrder: 4
  spreadCustomCurve:
    serializedVersion: 2
    m_Curve:
    - serializedVersion: 3
      time: 0
      value: 0
      inSlope: 0
      outSlope: 0
      tangentMode: 0
      weightedMode: 0
      inWeight: 0.33333334
      outWeight: 0.33333334
    m_PreInfinity: 2
    m_PostInfinity: 2
    m_RotationOrder: 4
  reverbZoneMixCustomCurve:
    serializedVersion: 2
    m_Curve:
    - serializedVersion: 3
      time: 0
      value: 1
      inSlope: 0
      outSlope: 0
      tangentMode: 0
      weightedMode: 0
      inWeight: 0.33333334
      outWeight: 0.33333334
    m_PreInfinity: 2
    m_PostInfinity: 2
    m_RotationOrder: 4
--- !u!114 &3517701847275029215
MonoBehaviour:
  m_ObjectHideFlags: 0
  m_CorrespondingSourceObject: {fileID: 0}
  m_PrefabInstance: {fileID: 0}
  m_PrefabAsset: {fileID: 0}
  m_GameObject: {fileID: 107263489135568194}
  m_Enabled: 1
  m_EditorHideFlags: 0
  m_Script: {fileID: 11500000, guid: 5149553f143bacd47b919f27784ed9ee, type: 3}
  m_Name: 
  m_EditorClassIdentifier: 
--- !u!114 &652450490774333172
MonoBehaviour:
  m_ObjectHideFlags: 0
  m_CorrespondingSourceObject: {fileID: 0}
  m_PrefabInstance: {fileID: 0}
  m_PrefabAsset: {fileID: 0}
  m_GameObject: {fileID: 3676030896752177302}
  m_Enabled: 1
  m_EditorHideFlags: 0
  m_Script: {fileID: 11500000, guid: c1747f6037fb79c4481dfbe5761f7b97, type: 3}
  m_Name: 
  m_EditorClassIdentifier: 
  _targetTransform: {fileID: 5297251578919258448}
  _quatOffset: {x: -30, y: -30, z: -30, w: -30}
--- !u!1001 &4621273251510315423
PrefabInstance:
  m_ObjectHideFlags: 0
  serializedVersion: 2
  m_Modification:
    m_TransformParent: {fileID: 6312385399505086427}
    m_Modifications:
    - target: {fileID: -4216859302048453862, guid: e14f2c0c95012dd4392d6ed674620249,
        type: 3}
      propertyPath: m_LocalPosition.x
      value: 0.000053768
      objectReference: {fileID: 0}
    - target: {fileID: -4216859302048453862, guid: e14f2c0c95012dd4392d6ed674620249,
        type: 3}
      propertyPath: m_LocalPosition.y
      value: -0.00037215
      objectReference: {fileID: 0}
    - target: {fileID: -4216859302048453862, guid: e14f2c0c95012dd4392d6ed674620249,
        type: 3}
      propertyPath: m_LocalPosition.z
      value: 0.000027823
      objectReference: {fileID: 0}
    - target: {fileID: -4216859302048453862, guid: e14f2c0c95012dd4392d6ed674620249,
        type: 3}
      propertyPath: m_LocalRotation.x
      value: 0.07296169
      objectReference: {fileID: 0}
    - target: {fileID: -4216859302048453862, guid: e14f2c0c95012dd4392d6ed674620249,
        type: 3}
      propertyPath: m_LocalRotation.y
      value: 0.0045641353
      objectReference: {fileID: 0}
    - target: {fileID: -4216859302048453862, guid: e14f2c0c95012dd4392d6ed674620249,
        type: 3}
      propertyPath: m_LocalRotation.z
      value: 0.012374309
      objectReference: {fileID: 0}
    - target: {fileID: -4216859302048453862, guid: e14f2c0c95012dd4392d6ed674620249,
        type: 3}
      propertyPath: m_LocalRotation.w
      value: 0.9972476
      objectReference: {fileID: 0}
    - target: {fileID: -4216859302048453862, guid: e14f2c0c95012dd4392d6ed674620249,
        type: 3}
      propertyPath: m_RootOrder
      value: 1
      objectReference: {fileID: 0}
    - target: {fileID: -4216859302048453862, guid: e14f2c0c95012dd4392d6ed674620249,
        type: 3}
      propertyPath: m_LocalEulerAnglesHint.x
      value: 8.361
      objectReference: {fileID: 0}
    - target: {fileID: -4216859302048453862, guid: e14f2c0c95012dd4392d6ed674620249,
        type: 3}
      propertyPath: m_LocalEulerAnglesHint.y
      value: 0.632
      objectReference: {fileID: 0}
    - target: {fileID: -4216859302048453862, guid: e14f2c0c95012dd4392d6ed674620249,
        type: 3}
      propertyPath: m_LocalEulerAnglesHint.z
      value: 1.468
      objectReference: {fileID: 0}
    - target: {fileID: -4216859302048453862, guid: e14f2c0c95012dd4392d6ed674620249,
        type: 3}
      propertyPath: m_LocalScale.x
      value: 0.009999999
      objectReference: {fileID: 0}
    - target: {fileID: -4216859302048453862, guid: e14f2c0c95012dd4392d6ed674620249,
        type: 3}
      propertyPath: m_LocalScale.y
      value: 0.01
      objectReference: {fileID: 0}
    - target: {fileID: -4216859302048453862, guid: e14f2c0c95012dd4392d6ed674620249,
        type: 3}
      propertyPath: m_LocalScale.z
      value: 0.010000001
      objectReference: {fileID: 0}
    - target: {fileID: -927199367670048503, guid: e14f2c0c95012dd4392d6ed674620249,
        type: 3}
      propertyPath: m_Name
      value: proto_v3gun
      objectReference: {fileID: 0}
    - target: {fileID: 1003201740330293899, guid: e14f2c0c95012dd4392d6ed674620249,
        type: 3}
      propertyPath: m_Materials.Array.data[0]
      value: 
      objectReference: {fileID: 2100000, guid: f2d308fc56a764d449cd6a7401974c11, type: 2}
    m_RemovedComponents: []
  m_SourcePrefab: {fileID: 100100000, guid: e14f2c0c95012dd4392d6ed674620249, type: 3}
--- !u!1 &3676030896752177302 stripped
GameObject:
  m_CorrespondingSourceObject: {fileID: -927199367670048503, guid: e14f2c0c95012dd4392d6ed674620249,
    type: 3}
  m_PrefabInstance: {fileID: 4621273251510315423}
  m_PrefabAsset: {fileID: 0}
--- !u!23 &5606446225516245780 stripped
MeshRenderer:
  m_CorrespondingSourceObject: {fileID: 1003201740330293899, guid: e14f2c0c95012dd4392d6ed674620249,
    type: 3}
  m_PrefabInstance: {fileID: 4621273251510315423}
  m_PrefabAsset: {fileID: 0}
--- !u!1001 &6053338703896150922
PrefabInstance:
  m_ObjectHideFlags: 0
  serializedVersion: 2
  m_Modification:
    m_TransformParent: {fileID: 107263489135568206}
    m_Modifications:
    - target: {fileID: -6057140222963153312, guid: 4f1efc5e6e505bd40b49f5d04414a75d,
        type: 3}
      propertyPath: m_Controller
      value: 
      objectReference: {fileID: 9100000, guid: 4a58769339d16d84ca8387f25940b910, type: 2}
    - target: {fileID: -4216859302048453862, guid: 4f1efc5e6e505bd40b49f5d04414a75d,
        type: 3}
      propertyPath: m_LocalPosition.x
      value: 0
      objectReference: {fileID: 0}
    - target: {fileID: -4216859302048453862, guid: 4f1efc5e6e505bd40b49f5d04414a75d,
        type: 3}
      propertyPath: m_LocalPosition.y
      value: -0.9
      objectReference: {fileID: 0}
    - target: {fileID: -4216859302048453862, guid: 4f1efc5e6e505bd40b49f5d04414a75d,
        type: 3}
      propertyPath: m_LocalPosition.z
      value: 0
      objectReference: {fileID: 0}
    - target: {fileID: -4216859302048453862, guid: 4f1efc5e6e505bd40b49f5d04414a75d,
        type: 3}
      propertyPath: m_LocalRotation.x
      value: 0
      objectReference: {fileID: 0}
    - target: {fileID: -4216859302048453862, guid: 4f1efc5e6e505bd40b49f5d04414a75d,
        type: 3}
      propertyPath: m_LocalRotation.y
      value: 0
      objectReference: {fileID: 0}
    - target: {fileID: -4216859302048453862, guid: 4f1efc5e6e505bd40b49f5d04414a75d,
        type: 3}
      propertyPath: m_LocalRotation.z
      value: 0
      objectReference: {fileID: 0}
    - target: {fileID: -4216859302048453862, guid: 4f1efc5e6e505bd40b49f5d04414a75d,
        type: 3}
      propertyPath: m_LocalRotation.w
      value: 1
      objectReference: {fileID: 0}
    - target: {fileID: -4216859302048453862, guid: 4f1efc5e6e505bd40b49f5d04414a75d,
        type: 3}
      propertyPath: m_RootOrder
      value: 0
      objectReference: {fileID: 0}
    - target: {fileID: -4216859302048453862, guid: 4f1efc5e6e505bd40b49f5d04414a75d,
        type: 3}
      propertyPath: m_LocalEulerAnglesHint.x
      value: 0
      objectReference: {fileID: 0}
    - target: {fileID: -4216859302048453862, guid: 4f1efc5e6e505bd40b49f5d04414a75d,
        type: 3}
      propertyPath: m_LocalEulerAnglesHint.y
      value: 0
      objectReference: {fileID: 0}
    - target: {fileID: -4216859302048453862, guid: 4f1efc5e6e505bd40b49f5d04414a75d,
        type: 3}
      propertyPath: m_LocalEulerAnglesHint.z
      value: 0
      objectReference: {fileID: 0}
    - target: {fileID: -4216859302048453862, guid: 4f1efc5e6e505bd40b49f5d04414a75d,
        type: 3}
      propertyPath: m_LocalScale.x
      value: 1
      objectReference: {fileID: 0}
    - target: {fileID: -4216859302048453862, guid: 4f1efc5e6e505bd40b49f5d04414a75d,
        type: 3}
      propertyPath: m_LocalScale.y
      value: 1
      objectReference: {fileID: 0}
    - target: {fileID: -4216859302048453862, guid: 4f1efc5e6e505bd40b49f5d04414a75d,
        type: 3}
      propertyPath: m_LocalScale.z
      value: 1
      objectReference: {fileID: 0}
    - target: {fileID: -927199367670048503, guid: 4f1efc5e6e505bd40b49f5d04414a75d,
        type: 3}
      propertyPath: m_Name
      value: proto_v3master
      objectReference: {fileID: 0}
    - target: {fileID: 8070494852700968231, guid: 4f1efc5e6e505bd40b49f5d04414a75d,
        type: 3}
      propertyPath: m_Materials.Array.data[0]
      value: 
      objectReference: {fileID: 2100000, guid: 2a38c496836b24944abc330f5953a85e, type: 2}
    m_RemovedComponents: []
  m_SourcePrefab: {fileID: 100100000, guid: 4f1efc5e6e505bd40b49f5d04414a75d, type: 3}
--- !u!1 &2819300013314005635 stripped
GameObject:
  m_CorrespondingSourceObject: {fileID: -927199367670048503, guid: 4f1efc5e6e505bd40b49f5d04414a75d,
    type: 3}
  m_PrefabInstance: {fileID: 6053338703896150922}
  m_PrefabAsset: {fileID: 0}
--- !u!4 &1259727738504423568 stripped
Transform:
  m_CorrespondingSourceObject: {fileID: -4216859302048453862, guid: 4f1efc5e6e505bd40b49f5d04414a75d,
    type: 3}
  m_PrefabInstance: {fileID: 6053338703896150922}
  m_PrefabAsset: {fileID: 0}
--- !u!95 &9219273562187597290 stripped
Animator:
  m_CorrespondingSourceObject: {fileID: -6057140222963153312, guid: 4f1efc5e6e505bd40b49f5d04414a75d,
    type: 3}
  m_PrefabInstance: {fileID: 6053338703896150922}
  m_PrefabAsset: {fileID: 0}
--- !u!137 &2594617873503000237 stripped
SkinnedMeshRenderer:
  m_CorrespondingSourceObject: {fileID: 8070494852700968231, guid: 4f1efc5e6e505bd40b49f5d04414a75d,
    type: 3}
  m_PrefabInstance: {fileID: 6053338703896150922}
  m_PrefabAsset: {fileID: 0}
--- !u!4 &5297251578919258448 stripped
Transform:
  m_CorrespondingSourceObject: {fileID: 2126360123093191386, guid: 4f1efc5e6e505bd40b49f5d04414a75d,
    type: 3}
  m_PrefabInstance: {fileID: 6053338703896150922}
  m_PrefabAsset: {fileID: 0}
--- !u!4 &6312385399505086427 stripped
Transform:
  m_CorrespondingSourceObject: {fileID: -8963326090260618159, guid: 4f1efc5e6e505bd40b49f5d04414a75d,
    type: 3}
  m_PrefabInstance: {fileID: 6053338703896150922}
  m_PrefabAsset: {fileID: 0}
